<collection xmlns="http://www.loc.gov/MARC21/slim">
<record>
  <leader>02648nam0a2200505 i 450 </leader>
  <controlfield tag="001">IT\ICCU\CNCE\003534</controlfield>
  <controlfield tag="005">20061116000000.0</controlfield>
  <datafield tag="012" ind1=" " ind2=" ">
    <subfield code="a">icme ntus iqst vete (C) 15.. (Q)</subfield>
    <subfield code="2">fei</subfield>
    <subfield code="9">1</subfield>
  </datafield>
  <datafield tag="012" ind1=" " ind2=" ">
    <subfield code="a">uiit dede a-re lade (C) 1503 (A)</subfield>
    <subfield code="2">fei</subfield>
    <subfield code="9">2</subfield>
  </datafield>
  <datafield tag="012" ind1=" " ind2=" ">
    <subfield code="a">j.es eice ias. depe (C) 15.. (Q)</subfield>
    <subfield code="2">fei</subfield>
    <subfield code="9">3</subfield>
  </datafield>
  <datafield tag="012" ind1=" " ind2=" ">
    <subfield code="a">a-i- s-p- m-et ex*C (C) 15.. (Q)</subfield>
    <subfield code="2">fei</subfield>
    <subfield code="9">4</subfield>
  </datafield>
  <datafield tag="012" ind1=" " ind2=" ">
    <subfield code="a">ued- usQ* e.ut nofi (C) 1501 (R)</subfield>
    <subfield code="2">fei</subfield>
    <subfield code="9">5</subfield>
  </datafield>
  <datafield tag="100" ind1=" " ind2=" ">
    <subfield code="a">19970101g15011503    0itac0103    ba</subfield>
  </datafield>
  <datafield tag="101" ind1=" " ind2=" ">
    <subfield code="a">LAT</subfield>
  </datafield>
  <datafield tag="102" ind1=" " ind2=" ">
    <subfield code="a">IT</subfield>
  </datafield>
  <datafield tag="200" ind1="1" ind2=" ">
    <subfield code="a">Hic merito inscribi potens vite liber corporalis canonis libros quinque ... Doctores circa textum positi ... Gentilis de Fulgineo. Iacobus de Partibus ... Thadeusque Florentinus</subfield>
  </datafield>
  <datafield tag="210" ind1=" " ind2=" ">
    <subfield code="a">Venetijs</subfield>
    <subfield code="c">per Bernardinum Benalium</subfield>
    <subfield code="d">1501-1503</subfield>
  </datafield>
  <datafield tag="215" ind1=" " ind2=" ">
    <subfield code="a">5 v.</subfield>
    <subfield code="d">fol</subfield>
  </datafield>
  <datafield tag="300" ind1=" " ind2=" ">
    <subfield code="a">Le date sono ac. Lll8v del v. 2 e a c. LLLL 4 v. del v. 5</subfield>
  </datafield>
  <datafield tag="620" ind1=" " ind2=" ">
    <subfield code="a">IT</subfield>
    <subfield code="d">Venezia</subfield>
  </datafield>
  <datafield tag="700" ind1=" " ind2="0">
    <subfield code="a">Avicenna</subfield>
    <subfield code="3">IT\ICCU\CNCA\000237</subfield>
  </datafield>
  <datafield tag="702" ind1=" " ind2="0">
    <subfield code="a">Gentile</subfield>
    <subfield code="c"> : da#Foligno</subfield>
    <subfield code="3">IT\ICCU\CNCA\000362</subfield>
  </datafield>
  <datafield tag="702" ind1=" " ind2="1">
    <subfield code="a">Alderotti,</subfield>
    <subfield code="b">Taddeo</subfield>
    <subfield code="3">IT\ICCU\CNCA\000363</subfield>
  </datafield>
  <datafield tag="702" ind1=" " ind2="1">
    <subfield code="a">Desparts,</subfield>
    <subfield code="b">Jacques</subfield>
    <subfield code="3">IT\ICCU\CNCA\000128</subfield>
  </datafield>
  <datafield tag="712" ind1="0" ind2="0">
    <subfield code="a">Benali, Bernardino</subfield>
    <subfield code="3">IT\ICCU\CNCT\000212</subfield>
    <subfield code="4">650</subfield>
  </datafield>
  <datafield tag="790" ind1=" " ind2="0">
    <subfield code="a">Abu &apos;Ali al-Husain ibn &apos;Abd Allah ibn Sina</subfield>
    <subfield code="3">IT\ICCU\CNCA\012315</subfield>
    <subfield code="z">Avicenna</subfield>
  </datafield>
  <datafield tag="790" ind1=" " ind2="1">
    <subfield code="a">Ibn Sina,</subfield>
    <subfield code="b">Abu Ali</subfield>
    <subfield code="3">IT\ICCU\CNCA\014502</subfield>
    <subfield code="z">Avicenna</subfield>
  </datafield>
  <datafield tag="790" ind1=" " ind2="1">
    <subfield code="a">Gentili,</subfield>
    <subfield code="b">Gentile</subfield>
    <subfield code="3">IT\ICCU\CNCA\018711</subfield>
    <subfield code="z">Gentile : da#Foligno</subfield>
  </datafield>
  <datafield tag="790" ind1=" " ind2="0">
    <subfield code="a">Gentilis</subfield>
    <subfield code="c"> : Fulginas</subfield>
    <subfield code="3">IT\ICCU\CNCA\018713</subfield>
    <subfield code="z">Gentile : da#Foligno</subfield>
  </datafield>
  <datafield tag="790" ind1=" " ind2="1">
    <subfield code="a">Gentilibus,</subfield>
    <subfield code="b">Gentilis : de#Fulgineo</subfield>
    <subfield code="3">IT\ICCU\CNCA\022158</subfield>
    <subfield code="z">Gentile : da#Foligno</subfield>
  </datafield>
  <datafield tag="790" ind1=" " ind2="0">
    <subfield code="a">Thaddeus</subfield>
    <subfield code="c"> : Florentinus</subfield>
    <subfield code="3">IT\ICCU\CNCA\012292</subfield>
    <subfield code="z">Alderotti, Taddeo</subfield>
  </datafield>
  <datafield tag="790" ind1=" " ind2="0">
    <subfield code="a">Taddeo</subfield>
    <subfield code="c"> : Fiorentino</subfield>
    <subfield code="3">IT\ICCU\CNCA\014956</subfield>
    <subfield code="z">Alderotti, Taddeo</subfield>
  </datafield>
  <datafield tag="790" ind1=" " ind2="1">
    <subfield code="a">Partibus,</subfield>
    <subfield code="b">Iacobus : de</subfield>
    <subfield code="3">IT\ICCU\CNCA\014694</subfield>
    <subfield code="z">Desparts, Jacques</subfield>
  </datafield>
  <datafield tag="790" ind1=" " ind2="1">
    <subfield code="a">De_Partibus,</subfield>
    <subfield code="b">Jacobus</subfield>
    <subfield code="3">IT\ICCU\CNCA\015303</subfield>
    <subfield code="z">Desparts, Jacques</subfield>
  </datafield>
  <datafield tag="790" ind1=" " ind2="1">
    <subfield code="a">Despars,</subfield>
    <subfield code="b">Jacques</subfield>
    <subfield code="3">IT\ICCU\CNCA\019553</subfield>
    <subfield code="z">Desparts, Jacques</subfield>
  </datafield>
  <datafield tag="791" ind1="0" ind2="0">
    <subfield code="a">Benagli, Bernardino</subfield>
    <subfield code="3">IT\ICCU\CNCT\003632</subfield>
    <subfield code="z">Benali, Bernardino</subfield>
  </datafield>
  <datafield tag="791" ind1="0" ind2="0">
    <subfield code="a">Benalius, Bernardinus</subfield>
    <subfield code="3">IT\ICCU\CNCT\004326</subfield>
    <subfield code="z">Benali, Bernardino</subfield>
  </datafield>
  <datafield tag="791" ind1="0" ind2="0">
    <subfield code="a">Benaleis, Bernardinus de</subfield>
    <subfield code="3">IT\ICCU\CNCT\004327</subfield>
    <subfield code="z">Benali, Bernardino</subfield>
  </datafield>
  <datafield tag="801" ind1=" " ind2="3">
    <subfield code="a">IT</subfield>
    <subfield code="b">ICCU</subfield>
    <subfield code="c">20201113</subfield>
  </datafield>
  <datafield tag="899" ind1=" " ind2=" ">
    <subfield code="a">Biblioteca diocesana. Lanciano</subfield>
    <subfield code="1">CH0140</subfield>
    <subfield code="2">PBE 74</subfield>
  </datafield>
  <datafield tag="899" ind1=" " ind2=" ">
    <subfield code="a">Biblioteca Zelantea. Acireale</subfield>
    <subfield code="1">CT0260</subfield>
    <subfield code="2">CAT ZE</subfield>
  </datafield>
  <datafield tag="899" ind1=" " ind2=" ">
    <subfield code="a">Biblioteca comunale Ariostea. Ferrara</subfield>
    <subfield code="z">MUTILO</subfield>
    <subfield code="1">FE0017</subfield>
    <subfield code="2">UFE AR</subfield>
  </datafield>
  <datafield tag="899" ind1=" " ind2=" ">
    <subfield code="a">Biblioteca regionale universitaria. Messina</subfield>
    <subfield code="z">MUTILO</subfield>
    <subfield code="1">ME0050</subfield>
    <subfield code="2">PAL BM</subfield>
  </datafield>
  <datafield tag="899" ind1=" " ind2=" ">
    <subfield code="a">Biblioteca Ludovico Jacobilli del Seminario vescovile. Foligno</subfield>
    <subfield code="z">MUTILO</subfield>
    <subfield code="1">PG0040</subfield>
    <subfield code="2">UM1 39</subfield>
  </datafield>
  <datafield tag="899" ind1=" " ind2=" ">
    <subfield code="a">Biblioteca Angelica. Roma</subfield>
    <subfield code="1">RM0290</subfield>
    <subfield code="2">RML 06</subfield>
  </datafield>
</record>
</collection>
